
   <marc:record>
      <marc:leader>     cam a22        4500</marc:leader>
      <marc:controlfield tag="001">084146702</marc:controlfield>
      <marc:controlfield tag="003">DE-576</marc:controlfield>
      <marc:controlfield tag="005">20201219215848.0</marc:controlfield>
      <marc:controlfield tag="007">tu</marc:controlfield>
      <marc:controlfield tag="008">000327s1917    xx |||||      00| ||ger c</marc:controlfield>
      <marc:datafield tag="035" ind1=" " ind2=" ">
         <marc:subfield code="a">(DE-627)1154146707</marc:subfield>
      </marc:datafield>
      <marc:datafield tag="035" ind1=" " ind2=" ">
         <marc:subfield code="a">(DE-576)084146702</marc:subfield>
      </marc:datafield>
      <marc:datafield tag="035" ind1=" " ind2=" ">
         <marc:subfield code="a">(DE-599)BSZ084146702</marc:subfield>
      </marc:datafield>
      <marc:datafield tag="035" ind1=" " ind2=" ">
         <marc:subfield code="a">(OCoLC)51651855</marc:subfield>
      </marc:datafield>
      <marc:datafield tag="040" ind1=" " ind2=" ">
         <marc:subfield code="a">DE-576</marc:subfield>
         <marc:subfield code="b">ger</marc:subfield>
         <marc:subfield code="c">DE-576</marc:subfield>
         <marc:subfield code="e">rda</marc:subfield>
      </marc:datafield>
      <marc:datafield tag="041" ind1=" " ind2=" ">
         <marc:subfield code="a">ger</marc:subfield>
      </marc:datafield>
      <marc:datafield tag="084" ind1=" " ind2=" ">
         <marc:subfield code="a">MS 2500</marc:subfield>
         <marc:subfield code="2">rvk</marc:subfield>
         <marc:subfield code="0">(DE-625)rvk/123640:</marc:subfield>
      </marc:datafield>
      <marc:datafield tag="100" ind1="1" ind2=" ">
         <marc:subfield code="a">Jöde, Fritz</marc:subfield>
         <marc:subfield code="d">1887-1970</marc:subfield>
         <marc:subfield code="e">VerfasserIn</marc:subfield>
         <marc:subfield code="0">(DE-588)118557629</marc:subfield>
         <marc:subfield code="0">(DE-627)079354785</marc:subfield>
         <marc:subfield code="0">(DE-576)208978402</marc:subfield>
         <marc:subfield code="4">aut</marc:subfield>
      </marc:datafield>
      <marc:datafield tag="245" ind1="1" ind2="0">
         <marc:subfield code="a">Jugendbewegung oder Jugendpflege?</marc:subfield>
         <marc:subfield code="c">von Fritz Jöde</marc:subfield>
      </marc:datafield>
      <marc:datafield tag="264" ind1=" " ind2="1">
         <marc:subfield code="a">Hamburg</marc:subfield>
         <marc:subfield code="b">Freideutscher Jugendverlag Adolf Saal</marc:subfield>
         <marc:subfield code="c">1917</marc:subfield>
      </marc:datafield>
      <marc:datafield tag="300" ind1=" " ind2=" ">
         <marc:subfield code="a">42 Seiten</marc:subfield>
      </marc:datafield>
      <marc:datafield tag="336" ind1=" " ind2=" ">
         <marc:subfield code="a">Text</marc:subfield>
         <marc:subfield code="b">txt</marc:subfield>
         <marc:subfield code="2">rdacontent</marc:subfield>
      </marc:datafield>
      <marc:datafield tag="337" ind1=" " ind2=" ">
         <marc:subfield code="a">ohne Hilfsmittel zu benutzen</marc:subfield>
         <marc:subfield code="b">n</marc:subfield>
         <marc:subfield code="2">rdamedia</marc:subfield>
      </marc:datafield>
      <marc:datafield tag="338" ind1=" " ind2=" ">
         <marc:subfield code="a">Band</marc:subfield>
         <marc:subfield code="b">nc</marc:subfield>
         <marc:subfield code="2">rdacarrier</marc:subfield>
      </marc:datafield>
      <marc:datafield tag="490" ind1="1" ind2=" ">
         <marc:subfield code="a">Freideutsche Schriften</marc:subfield>
         <marc:subfield code="v">Heft 1</marc:subfield>
      </marc:datafield>
      <marc:datafield tag="546" ind1=" " ind2=" ">
         <marc:subfield code="a">Fraktur</marc:subfield>
      </marc:datafield>
      <marc:datafield tag="583" ind1="1" ind2=" ">
         <marc:subfield code="a">Archivierung/Langzeitarchivierung geplant</marc:subfield>
         <marc:subfield code="c">20200919</marc:subfield>
         <marc:subfield code="f">DE-640</marc:subfield>
         <marc:subfield code="z">3</marc:subfield>
         <marc:subfield code="2">pdager</marc:subfield>
      </marc:datafield>
      <marc:datafield tag="650" ind1="0" ind2="7">
         <marc:subfield code="0">(DE-588)4028871-7</marc:subfield>
         <marc:subfield code="0">(DE-627)104137835</marc:subfield>
         <marc:subfield code="0">(DE-576)208979948</marc:subfield>
         <marc:subfield code="a">Jugendbewegung</marc:subfield>
         <marc:subfield code="2">gnd</marc:subfield>
      </marc:datafield>
      <marc:datafield tag="650" ind1="0" ind2="7">
         <marc:subfield code="0">(DE-588)4155279-9</marc:subfield>
         <marc:subfield code="0">(DE-627)10430572X</marc:subfield>
         <marc:subfield code="0">(DE-576)209817674</marc:subfield>
         <marc:subfield code="a">Freideutsche Jugend</marc:subfield>
         <marc:subfield code="2">gnd</marc:subfield>
      </marc:datafield>
      <marc:datafield tag="776" ind1="0" ind2="8">
         <marc:subfield code="i">Erscheint auch als</marc:subfield>
         <marc:subfield code="n">Online-Ausgabe</marc:subfield>
         <marc:subfield code="a">Jöde, Fritz, 1887 - 1970</marc:subfield>
         <marc:subfield code="t">Jugendbewegung oder Jugendpflege?</marc:subfield>
         <marc:subfield code="d">Hamburg : Freideutscher Jugendverlag Adolf Saal, 1917</marc:subfield>
         <marc:subfield code="h">42 Seiten</marc:subfield>
         <marc:subfield code="w">(DE-627)1670654389</marc:subfield>
      </marc:datafield>
      <marc:datafield tag="830" ind1=" " ind2="0">
         <marc:subfield code="a">Freideutsche Schriften</marc:subfield>
         <marc:subfield code="v">Heft 1</marc:subfield>
         <marc:subfield code="9">1</marc:subfield>
         <marc:subfield code="w">(DE-627)12964000X</marc:subfield>
         <marc:subfield code="w">(DE-576)02946403X</marc:subfield>
         <marc:subfield code="w">(DE-600)252223-8</marc:subfield>
      </marc:datafield>
      <marc:datafield tag="850" ind1=" " ind2=" ">
         <marc:subfield code="a">ab</marc:subfield>
      </marc:datafield>
      <marc:datafield tag="936" ind1="r" ind2="v">
         <marc:subfield code="a">MS 2500</marc:subfield>
         <marc:subfield code="b">Jugendbewegung, Jugendverbände, Jugendorganisationen</marc:subfield>
         <marc:subfield code="k">Soziologie</marc:subfield>
         <marc:subfield code="k">Spezielle Soziologien</marc:subfield>
         <marc:subfield code="k">Jugendsoziologie</marc:subfield>
         <marc:subfield code="k">Jugendbewegung, Jugendverbände, Jugendorganisationen</marc:subfield>
         <marc:subfield code="0">(DE-627)1270715518</marc:subfield>
         <marc:subfield code="0">(DE-625)rvk/123640:</marc:subfield>
         <marc:subfield code="0">(DE-576)200715518</marc:subfield>
      </marc:datafield>
      <marc:datafield tag="951" ind1=" " ind2=" ">
         <marc:subfield code="a">BO</marc:subfield>
      </marc:datafield>
   </marc:record>