
   <marc:record>
      <marc:leader>     ccm a22        4500</marc:leader>
      <marc:controlfield tag="001">078089476</marc:controlfield>
      <marc:controlfield tag="003">DE-576</marc:controlfield>
      <marc:controlfield tag="005">20201222111028.0</marc:controlfield>
      <marc:controlfield tag="007">qu</marc:controlfield>
      <marc:controlfield tag="008">990617s1886    xx ||||| |||| ||| | ger c</marc:controlfield>
      <marc:datafield tag="028" ind1="2" ind2="2">
         <marc:subfield code="a">6957</marc:subfield>
      </marc:datafield>
      <marc:datafield tag="028" ind1="5" ind2="2">
         <marc:subfield code="a">No. 2257</marc:subfield>
      </marc:datafield>
      <marc:datafield tag="035" ind1=" " ind2=" ">
         <marc:subfield code="a">(DE-627)1148089470</marc:subfield>
      </marc:datafield>
      <marc:datafield tag="035" ind1=" " ind2=" ">
         <marc:subfield code="a">(DE-576)078089476</marc:subfield>
      </marc:datafield>
      <marc:datafield tag="035" ind1=" " ind2=" ">
         <marc:subfield code="a">(DE-599)BSZ078089476</marc:subfield>
      </marc:datafield>
      <marc:datafield tag="035" ind1=" " ind2=" ">
         <marc:subfield code="a">(OCoLC)16451509</marc:subfield>
      </marc:datafield>
      <marc:datafield tag="040" ind1=" " ind2=" ">
         <marc:subfield code="a">DE-576</marc:subfield>
         <marc:subfield code="b">ger</marc:subfield>
         <marc:subfield code="c">DE-576</marc:subfield>
         <marc:subfield code="e">rda</marc:subfield>
      </marc:datafield>
      <marc:datafield tag="041" ind1=" " ind2=" ">
         <marc:subfield code="a">ger</marc:subfield>
      </marc:datafield>
      <marc:datafield tag="082" ind1="0" ind2=" ">
         <marc:subfield code="a">784.4</marc:subfield>
      </marc:datafield>
      <marc:datafield tag="084" ind1=" " ind2=" ">
         <marc:subfield code="a">LS 50140-LS 50430</marc:subfield>
         <marc:subfield code="2">rvk</marc:subfield>
         <marc:subfield code="0">(DE-625)rvk/110605:2081</marc:subfield>
      </marc:datafield>
      <marc:datafield tag="245" ind1="1" ind2="0">
         <marc:subfield code="a">Hundert Deutsche Volkslieder</marc:subfield>
         <marc:subfield code="b">(zum Theil bisher ungedruckt) für eine Singstimme mit Begleitung des Klaviers</marc:subfield>
         <marc:subfield code="c">herausgegeben von Max Friedlaender</marc:subfield>
      </marc:datafield>
      <marc:datafield tag="264" ind1=" " ind2="1">
         <marc:subfield code="a">Leipzig</marc:subfield>
         <marc:subfield code="b">C. F. Peters</marc:subfield>
         <marc:subfield code="c">1886</marc:subfield>
      </marc:datafield>
      <marc:datafield tag="300" ind1=" " ind2=" ">
         <marc:subfield code="a">IV, 100, XI Seiten</marc:subfield>
      </marc:datafield>
      <marc:datafield tag="336" ind1=" " ind2=" ">
         <marc:subfield code="a">Noten</marc:subfield>
         <marc:subfield code="b">ntm</marc:subfield>
         <marc:subfield code="2">rdacontent</marc:subfield>
      </marc:datafield>
      <marc:datafield tag="337" ind1=" " ind2=" ">
         <marc:subfield code="a">ohne Hilfsmittel zu benutzen</marc:subfield>
         <marc:subfield code="b">n</marc:subfield>
         <marc:subfield code="2">rdamedia</marc:subfield>
      </marc:datafield>
      <marc:datafield tag="338" ind1=" " ind2=" ">
         <marc:subfield code="a">Band</marc:subfield>
         <marc:subfield code="b">nc</marc:subfield>
         <marc:subfield code="2">rdacarrier</marc:subfield>
      </marc:datafield>
      <marc:datafield tag="505" ind1="8" ind2=" ">
         <marc:subfield code="a">Enth.: Zwei Königskinder. Die Nonne. Liebesprobe. In's Herz gezinnt. Waldvöglein. Frau Nachtigall. Die Verlassene. Lieben ist gut. Räthsellied. Argwohn. Tritt zu. Liebesgruss aus der Ferne. Des Abends. Der falsche Baron. Der Schneider Jahrstag. Bergmannslied. Wagenschieben. Vor dem Fenster. Schönste, Allerschönste. Müllers Abschied. Falsche Liebe. Die Aargauer Lieben. Dursli und Bäbeli. Treue Liebe. Kleine Freude. Die schwarzbraune Hexe. Der Jäger mit dem Horn. Der Jäger. Der Mai. Der Rechte nicht. Die Gnade kannst du haben. Der todte Freier. Die unbarmherzige Schwester. Das Lied vom jungen Grafen. Die Nonnen (Ich bin Dir viel zu arm ). Die glückliche Nonne. Gemalte Freuden. Getreu bis ans Grab. Genügsamkeit. Ich ging einmal spazieren. Die Unbeständige. Die Siebensprünge. Beim Pfänderspiel. Für fünfzehn Pfennige. Mai-Tanzreigen. Polterabendlied. Das Mädchen und der Haselstrauch. Schäfer und Edelmann. Waldvögelein (Der Wirthin Töchterlein). Von Farbe so bleich. Abschied. Sandmännchen. Vier Wünsche. In der Nacht. Herzensweh. Schlechtes Wetter. Liebeszwist. Lachen und Weinen. Die Macht der Thränen. St. Gertrud. Die schöne Dorothea. Die schöne Hannele. Husarenglaube. Husarenlied. Ständchen. Die einsame Schäferin. Das Lied von der schönen Bernauerin. Stolz Heinrich. Es müssen ihrer Sieben drum sterben. Die Kindesmörderin. Die Armesünderin. Das Schloss in Österreich. Der Herr und sein Schildknecht. Wallfahrtslied. Verkündigung. Marias Wanderschaft. Das Leiden des Herrn. Jesus über Alles. Nur Du. Der Stolzen Schönheit. Die Jüdin. Lass rauschen. Gedenke mein. Das erwählte Schätzchen. Gang zur Liebsten. Ausgeflogen. Wassersnoth. Liebesdienst. Nachbarin Schlangenköchin. Wie weh tut Scheiden. Die Losgekaufte. Capitän und Leutenant. Bergische Husaren. Breslau ist ein schönes Städtchen. Kränzelkraut. Jungfernparade. Alte Weiber. Der Weltlauf. Jan Hinnerk up de Lammerstraat. Mir wird so traurig</marc:subfield>
      </marc:datafield>
      <marc:datafield tag="583" ind1="1" ind2=" ">
         <marc:subfield code="a">Archivierung/Langzeitarchivierung geplant</marc:subfield>
         <marc:subfield code="c">20200919</marc:subfield>
         <marc:subfield code="f">DE-640</marc:subfield>
         <marc:subfield code="z">3</marc:subfield>
         <marc:subfield code="2">pdager</marc:subfield>
      </marc:datafield>
      <marc:datafield tag="591" ind1=" " ind2=" ">
         <marc:subfield code="a">bes: SBMU (SWB)</marc:subfield>
      </marc:datafield>
      <marc:datafield tag="700" ind1="1" ind2=" ">
         <marc:subfield code="a">Friedlaender, Max</marc:subfield>
         <marc:subfield code="d">1852-1934</marc:subfield>
         <marc:subfield code="e">HerausgeberIn</marc:subfield>
         <marc:subfield code="0">(DE-588)116797673</marc:subfield>
         <marc:subfield code="0">(DE-627)13343219X</marc:subfield>
         <marc:subfield code="0">(DE-576)161015441</marc:subfield>
         <marc:subfield code="4">edt</marc:subfield>
      </marc:datafield>
      <marc:datafield tag="850" ind1=" " ind2=" ">
         <marc:subfield code="a">ab</marc:subfield>
      </marc:datafield>
      <marc:datafield tag="935" ind1=" " ind2=" ">
         <marc:subfield code="c">muno</marc:subfield>
      </marc:datafield>
      <marc:datafield tag="936" ind1="r" ind2="v">
         <marc:subfield code="a">LS 50140-LS 50430</marc:subfield>
         <marc:subfield code="b">Deutsche</marc:subfield>
         <marc:subfield code="k">Musikwissenschaft</marc:subfield>
         <marc:subfield code="k">II. Musica practica</marc:subfield>
         <marc:subfield code="k">Musikalische Volks- und Völkerkunde: Musica practica</marc:subfield>
         <marc:subfield code="k">Volksmusik in Europa und Amerika - Praktika (Materialsammlungen)</marc:subfield>
         <marc:subfield code="k">Mehrere Gattungen in der nationalen Tradition</marc:subfield>
         <marc:subfield code="k">Völker mit indogermanischen Sprachen</marc:subfield>
         <marc:subfield code="k">Deutsche</marc:subfield>
         <marc:subfield code="0">(DE-627)1274884136</marc:subfield>
         <marc:subfield code="0">(DE-625)rvk/110605:2081</marc:subfield>
         <marc:subfield code="0">(DE-576)204884136</marc:subfield>
      </marc:datafield>
      <marc:datafield tag="937" ind1=" " ind2=" ">
         <marc:subfield code="d">Zwei</marc:subfield>
         <marc:subfield code="e">Singstimme, Klavier</marc:subfield>
         <marc:subfield code="f">Solo, Volkslied</marc:subfield>
      </marc:datafield>
      <marc:datafield tag="951" ind1=" " ind2=" ">
         <marc:subfield code="a">BO</marc:subfield>
      </marc:datafield>
   </marc:record>