
   <marc:record>
      <marc:leader>     cam a22        4500</marc:leader>
      <marc:controlfield tag="001">077597672</marc:controlfield>
      <marc:controlfield tag="003">DE-576</marc:controlfield>
      <marc:controlfield tag="005">20180723153718.0</marc:controlfield>
      <marc:controlfield tag="007">tu</marc:controlfield>
      <marc:controlfield tag="008">990519s1963    xx |||||      00| ||ger c</marc:controlfield>
      <marc:datafield tag="035" ind1=" " ind2=" ">
         <marc:subfield code="a">(DE-627)1147597677</marc:subfield>
      </marc:datafield>
      <marc:datafield tag="035" ind1=" " ind2=" ">
         <marc:subfield code="a">(DE-576)077597672</marc:subfield>
      </marc:datafield>
      <marc:datafield tag="035" ind1=" " ind2=" ">
         <marc:subfield code="a">(DE-599)BSZ077597672</marc:subfield>
      </marc:datafield>
      <marc:datafield tag="035" ind1=" " ind2=" ">
         <marc:subfield code="a">(OCoLC)72878035</marc:subfield>
      </marc:datafield>
      <marc:datafield tag="035" ind1=" " ind2=" ">
         <marc:subfield code="a">(DE-604)8052559459</marc:subfield>
      </marc:datafield>
      <marc:datafield tag="040" ind1=" " ind2=" ">
         <marc:subfield code="a">DE-576</marc:subfield>
         <marc:subfield code="b">ger</marc:subfield>
         <marc:subfield code="c">DE-576</marc:subfield>
         <marc:subfield code="e">rakwb</marc:subfield>
      </marc:datafield>
      <marc:datafield tag="041" ind1=" " ind2=" ">
         <marc:subfield code="a">ger</marc:subfield>
      </marc:datafield>
      <marc:datafield tag="084" ind1=" " ind2=" ">
         <marc:subfield code="a">LS 56140</marc:subfield>
         <marc:subfield code="2">rvk</marc:subfield>
         <marc:subfield code="0">(DE-625)rvk/110707:2082</marc:subfield>
      </marc:datafield>
      <marc:datafield tag="084" ind1=" " ind2=" ">
         <marc:subfield code="a">LS 26845</marc:subfield>
         <marc:subfield code="2">rvk</marc:subfield>
         <marc:subfield code="0">(DE-625)rvk/110131:2182</marc:subfield>
      </marc:datafield>
      <marc:datafield tag="084" ind1=" " ind2=" ">
         <marc:subfield code="a">LS 56845</marc:subfield>
         <marc:subfield code="2">rvk</marc:subfield>
         <marc:subfield code="0">(DE-625)rvk/110707:2182</marc:subfield>
      </marc:datafield>
      <marc:datafield tag="084" ind1=" " ind2=" ">
         <marc:subfield code="a">AP 85408</marc:subfield>
         <marc:subfield code="2">rvk</marc:subfield>
         <marc:subfield code="0">(DE-625)rvk/8054:665</marc:subfield>
      </marc:datafield>
      <marc:datafield tag="084" ind1=" " ind2=" ">
         <marc:subfield code="a">AP 85200</marc:subfield>
         <marc:subfield code="2">rvk</marc:subfield>
         <marc:subfield code="0">(DE-625)rvk/8051:</marc:subfield>
      </marc:datafield>
      <marc:datafield tag="245" ind1="1" ind2="0">
         <marc:subfield code="a">Volkstänze aus der Slowakei</marc:subfield>
         <marc:subfield code="c">gesammelt u.hrsg. von Karl Horak ...</marc:subfield>
      </marc:datafield>
      <marc:datafield tag="264" ind1=" " ind2="1">
         <marc:subfield code="a">Kassel [u.a.]</marc:subfield>
         <marc:subfield code="b">Bärenreiter</marc:subfield>
         <marc:subfield code="c">1963</marc:subfield>
      </marc:datafield>
      <marc:datafield tag="300" ind1=" " ind2=" ">
         <marc:subfield code="a">32 S.</marc:subfield>
         <marc:subfield code="b">Noten</marc:subfield>
      </marc:datafield>
      <marc:datafield tag="336" ind1=" " ind2=" ">
         <marc:subfield code="a">Text</marc:subfield>
         <marc:subfield code="b">txt</marc:subfield>
         <marc:subfield code="2">rdacontent</marc:subfield>
      </marc:datafield>
      <marc:datafield tag="337" ind1=" " ind2=" ">
         <marc:subfield code="a">ohne Hilfsmittel zu benutzen</marc:subfield>
         <marc:subfield code="b">n</marc:subfield>
         <marc:subfield code="2">rdamedia</marc:subfield>
      </marc:datafield>
      <marc:datafield tag="338" ind1=" " ind2=" ">
         <marc:subfield code="a">Band</marc:subfield>
         <marc:subfield code="b">nc</marc:subfield>
         <marc:subfield code="2">rdacarrier</marc:subfield>
      </marc:datafield>
      <marc:datafield tag="490" ind1="1" ind2=" ">
         <marc:subfield code="a">Deutsche Volkstänze</marc:subfield>
         <marc:subfield code="v">56/57</marc:subfield>
      </marc:datafield>
      <marc:datafield tag="490" ind1="1" ind2=" ">
         <marc:subfield code="a">Bärenreiter-Ausgabe</marc:subfield>
         <marc:subfield code="v">4368</marc:subfield>
      </marc:datafield>
      <marc:datafield tag="591" ind1=" " ind2=" ">
         <marc:subfield code="a">NR/KNWEPH ; 720 ff. bvb 5090 KNWEPH/sred ; IMD-Felder und 1131 maschinell ergänzt (SWB)</marc:subfield>
      </marc:datafield>
      <marc:datafield tag="700" ind1="1" ind2=" ">
         <marc:subfield code="a">Horak, Karl</marc:subfield>
         <marc:subfield code="e">Hrsg.</marc:subfield>
         <marc:subfield code="4">edt</marc:subfield>
      </marc:datafield>
      <marc:datafield tag="830" ind1=" " ind2="0">
         <marc:subfield code="a">Deutsche Volkstänze</marc:subfield>
         <marc:subfield code="v">56/57</marc:subfield>
         <marc:subfield code="9">56/57</marc:subfield>
         <marc:subfield code="w">(DE-627)169337723</marc:subfield>
         <marc:subfield code="w">(DE-576)028764927</marc:subfield>
         <marc:subfield code="w">(DE-600)971101-6</marc:subfield>
      </marc:datafield>
      <marc:datafield tag="830" ind1=" " ind2="0">
         <marc:subfield code="a">Bärenreiter-Ausgabe</marc:subfield>
         <marc:subfield code="v">4368</marc:subfield>
         <marc:subfield code="9">4368</marc:subfield>
         <marc:subfield code="w">(DE-627)192294598</marc:subfield>
         <marc:subfield code="w">(DE-576)029087546</marc:subfield>
         <marc:subfield code="w">(DE-600)1303478-9</marc:subfield>
      </marc:datafield>
      <marc:datafield tag="936" ind1="r" ind2="v">
         <marc:subfield code="a">LS 56140</marc:subfield>
         <marc:subfield code="b">Allgemeines (mehrere Stämme)</marc:subfield>
         <marc:subfield code="k">Musikwissenschaft</marc:subfield>
         <marc:subfield code="k">II. Musica practica</marc:subfield>
         <marc:subfield code="k">Musikalische Volks- und Völkerkunde: Musica practica</marc:subfield>
         <marc:subfield code="k">Volksmusik in Europa und Amerika - Praktika (Materialsammlungen)</marc:subfield>
         <marc:subfield code="k">Volkstanz</marc:subfield>
         <marc:subfield code="k">Volkstänze der Landschaften und Völker</marc:subfield>
         <marc:subfield code="k">Völker mit indogermanischen Sprachen</marc:subfield>
         <marc:subfield code="k">Deutsche</marc:subfield>
         <marc:subfield code="k">Allgemeines (mehrere Stämme)</marc:subfield>
         <marc:subfield code="0">(DE-627)1272467511</marc:subfield>
         <marc:subfield code="0">(DE-625)rvk/110707:2082</marc:subfield>
         <marc:subfield code="0">(DE-576)202467511</marc:subfield>
      </marc:datafield>
      <marc:datafield tag="936" ind1="r" ind2="v">
         <marc:subfield code="a">LS 26845</marc:subfield>
         <marc:subfield code="b">Slowaken</marc:subfield>
         <marc:subfield code="k">Musikwissenschaft</marc:subfield>
         <marc:subfield code="k">I. Musica theoretica</marc:subfield>
         <marc:subfield code="k">Musikalische Volks- und Völkerkunde: Musica theoretica</marc:subfield>
         <marc:subfield code="k">Volksmusik in Europa und Amerika -  Theoretica</marc:subfield>
         <marc:subfield code="k">4. Volkstanz</marc:subfield>
         <marc:subfield code="k">Volkstanz in der nationalen Tradition</marc:subfield>
         <marc:subfield code="k">Völker mit indogermanischen Sprachen</marc:subfield>
         <marc:subfield code="k">Slawen</marc:subfield>
         <marc:subfield code="k">Westslawen</marc:subfield>
         <marc:subfield code="k">Slowaken</marc:subfield>
         <marc:subfield code="0">(DE-627)1274882117</marc:subfield>
         <marc:subfield code="0">(DE-625)rvk/110131:2182</marc:subfield>
         <marc:subfield code="0">(DE-576)204882117</marc:subfield>
      </marc:datafield>
      <marc:datafield tag="936" ind1="r" ind2="v">
         <marc:subfield code="a">LS 56845</marc:subfield>
         <marc:subfield code="b">Slowaken</marc:subfield>
         <marc:subfield code="k">Musikwissenschaft</marc:subfield>
         <marc:subfield code="k">II. Musica practica</marc:subfield>
         <marc:subfield code="k">Musikalische Volks- und Völkerkunde: Musica practica</marc:subfield>
         <marc:subfield code="k">Volksmusik in Europa und Amerika - Praktika (Materialsammlungen)</marc:subfield>
         <marc:subfield code="k">Volkstanz</marc:subfield>
         <marc:subfield code="k">Volkstänze der Landschaften und Völker</marc:subfield>
         <marc:subfield code="k">Völker mit indogermanischen Sprachen</marc:subfield>
         <marc:subfield code="k">Slawen</marc:subfield>
         <marc:subfield code="k">Westslawen</marc:subfield>
         <marc:subfield code="k">Slowaken</marc:subfield>
         <marc:subfield code="0">(DE-627)1274888204</marc:subfield>
         <marc:subfield code="0">(DE-625)rvk/110707:2182</marc:subfield>
         <marc:subfield code="0">(DE-576)204888204</marc:subfield>
      </marc:datafield>
      <marc:datafield tag="936" ind1="r" ind2="v">
         <marc:subfield code="a">AP 85408</marc:subfield>
         <marc:subfield code="b">Deutsches Sprachgebiet</marc:subfield>
         <marc:subfield code="k">Allgemeines</marc:subfield>
         <marc:subfield code="k">Medien- und Kommunikationswissenschaften, Kommunikationsdesign</marc:subfield>
         <marc:subfield code="k">Tanz</marc:subfield>
         <marc:subfield code="k">Volkstanz</marc:subfield>
         <marc:subfield code="k">Volkstänze in einzelnen Ländern</marc:subfield>
         <marc:subfield code="k">Europa</marc:subfield>
         <marc:subfield code="k">Mitteleuropa</marc:subfield>
         <marc:subfield code="k">Deutsches Sprachgebiet</marc:subfield>
         <marc:subfield code="0">(DE-627)1273380789</marc:subfield>
         <marc:subfield code="0">(DE-625)rvk/8054:665</marc:subfield>
         <marc:subfield code="0">(DE-576)203380789</marc:subfield>
      </marc:datafield>
      <marc:datafield tag="936" ind1="r" ind2="v">
         <marc:subfield code="a">AP 85200</marc:subfield>
         <marc:subfield code="b">Volkstanzsammlungen, Tanzspiele</marc:subfield>
         <marc:subfield code="k">Allgemeines</marc:subfield>
         <marc:subfield code="k">Medien- und Kommunikationswissenschaften, Kommunikationsdesign</marc:subfield>
         <marc:subfield code="k">Tanz</marc:subfield>
         <marc:subfield code="k">Volkstanz</marc:subfield>
         <marc:subfield code="k">Volkstanzsammlungen, Tanzspiele</marc:subfield>
         <marc:subfield code="0">(DE-627)1270693565</marc:subfield>
         <marc:subfield code="0">(DE-625)rvk/8051:</marc:subfield>
         <marc:subfield code="0">(DE-576)200693565</marc:subfield>
      </marc:datafield>
      <marc:datafield tag="951" ind1=" " ind2=" ">
         <marc:subfield code="a">BO</marc:subfield>
      </marc:datafield>
   </marc:record>